@BOOK{Mayring2015,
	AUTHOR = {Mayring, Philipp},
	YEAR = {2015},
	TITLE = {Qualitative Inhaltsanalyse - Grundlagen und Techniken},
	EDITION = {},
	ISBN = {978-3-407-25730-7},
	PUBLISHER = {Beltz},
	ADDRESS = {Langensalza},
}

@BOOK{Balzert2010,
	AUTHOR = {Balzert, Helmut},
	YEAR = {2010},
	TITLE = {Lehrbuch der Softwaretechnik: Basiskonzepte und Requirements Engineering - },
	EDITION = {},
	ISBN = {978-3-827-42247-7},
	PUBLISHER = {Springer-Verlag},
	ADDRESS = {Berlin Heidelberg New York},
}

@BOOK{Sailer2016,
	AUTHOR = {Sailer, Michael},
	YEAR = {2016},
	TITLE = {Die Wirkung von Gamification auf Motivation und Leistung - Empirische Studien im Kontext manueller Arbeitsprozesse},
	EDITION = {},
	ISBN = {978-3-658-14309-1},
	PUBLISHER = {Springer-Verlag},
	ADDRESS = {Berlin Heidelberg New York},
}

@article{bartle1996hearts,
 	 title={Hearts, clubs, diamonds, spades: Players who suit MUDs},
  	author={Bartle, Richard},
	 journal={Journal of MUD research},
  	volume={1},
 	 number={1},
  	pages={19},
  	year={1996}
}

@article{blohm2013gamification,
  title={Gamification: Gestaltung IT-basierter Zusatzdienstleistungen zur Motivationsunterst{\"u}tzung und Verhaltens{\"a}nderung},
  author={Blohm, Ivo and Leimeister, Jan Marco},
  journal={Wirtschaftinformatik},
  volume={55},
  number={4},
  pages={275--278},
  year={2013},
  publisher={Springer Gabler}
}

@inproceedings{mekler2013disassembling,
  title={Disassembling gamification: the effects of points and meaning on user motivation and performance},
  author={Mekler, Elisa D and Br{\"u}hlmann, Florian and Opwis, Klaus and Tuch, Alexandre N},
  booktitle={CHI'13 extended abstracts on human factors in computing systems},
  pages={1137--1142},
  year={2013},
  organization={ACM}
}

@inproceedings{mekler2013points,
  title={Do points, levels and leaderboards harm intrinsic motivation?: an empirical analysis of common gamification elements},
  author={Mekler, Elisa D and Br{\"u}hlmann, Florian and Opwis, Klaus and Tuch, Alexandre N},
  booktitle={Proceedings of the First International Conference on gameful design, research, and applications},
  pages={66--73},
  year={2013},
  organization={ACM}
}

@BOOK{Strahringer2017,
	AUTHOR = {Strahringer, Susanne AND Leyh, Christian},
	YEAR = {2017},
	TITLE = {Gamification und Serious Games - Grundlagen, Vorgehen und Anwendungen},
	EDITION = {},
	ISBN = {978-3-658-16742-4},
	PUBLISHER = {Springer-Verlag},
	ADDRESS = {Berlin Heidelberg New York},
}

@UNPUBLISHED{FHLuebeckBAAnleitung,
	TITLE = {Anleitung zum Erstellen einer Abschlussarbeit},
	AUTHOR = {(Prof. Dr. rer. nat. Andreas Hanemann},
	NOTE = {Herausgegeben an Studenten der Fachhochschule LÃ¼beck, die das Bachelorseminar besuchen},
}

@manual{Flu1,
      title  = "Build beautiful native apps in record time",
      url    = "https://flutter.io/",
      year   = "(Zugriff Juni 3, 2018)"
    }
    @manual{Flu2,
      title  = "Introduction",
      url    = "https://flutter.io/faq/#introduction",
      year   = "(Zugriff Juni 3, 2018)"
    }
     @manual{Flu3,
      title  = "Technology",
      url    = "https://flutter.io/faq/#what-technology-is-flutter-built-with",
      year   = "(Zugriff Juni 3, 2018)"
    }
    @manual{Flu4,
      title  = "Welcome to the Engine Wiki",
      url    = "    https://github.com/flutter/engine/wiki",
      year   = "(Zugriff Juni 3, 2018)"
    }
    @manual{Flu5,
      title  = "Technical Overview",
      url    = "https://flutter.io/technical-overview/",
      year   = "(Zugriff Juni 3, 2018)"
    }
    @manual{Flu6,
      title  = "Foundation Libaryn",
      url    = "https://docs.flutter.io/flutter/foundation/foundation-library.html",
      year   = "(Zugriff Juni 3, 2018)"
    }
    @manual{Flu7,
      title  = "Material Components Widgets",
      url    = "https://flutter.io/widgets/material/",
      year   = "(Zugriff Juni 3, 2018)"
    }
    @manual{Cup1,
      title  = "Cupertino (iOS-style) Widgets",
      url    = "https://flutter.io/widgets/cupertino/",
      year   = "(Zugriff Juni 3, 2018)"
    }
    @manual{Mat1,
      title  = "Material Design",
      url    = "https://material.io/design/",
      year   = "(Zugriff Juni 3, 2018)"
    }
    @manual{Skia1,
      title  = "Skia Graphics Library",
      url    = "https://skia.org/",
      year   = "(Zugriff Juni 3, 2018)"
    }
