@book{aristotle:physics, 
  author       = {Aristotle}, 
  title        = {Physics}, 
  date         = 1929, 
  translator   = {Wicksteed, P. H. and Cornford, F. M.}, 
  publisher    = {G. P. Putnam}, 
  shorttitle   = {Physics}, 
} 