@TECHREPORT{pasche1992,
	AUTHOR="M. Pasche",
	TITLE="Synergetik und Evolutorische Ökonomik",
	INSTITUTION="Universität Hannover Fachbereich Wirtschaftswissenschaften",
	TYPE="Diskussionspapier",
	NUMBER=179,
	MONTH=dec,
	YEAR=1992
}